@article{ronneberger15,
  author    = {Olaf Ronneberger and
               Philipp Fischer and
               Thomas Brox},
  title     = {U-Net: Convolutional Networks for Biomedical Image Segmentation},
  journal   = {CoRR},
  volume    = {abs/1505.04597},
  year      = {2015},
  url       = {http://arxiv.org/abs/1505.04597},
  archivePrefix = {arXiv},
  eprint    = {1505.04597},
  timestamp = {Mon, 13 Aug 2018 16:46:52 +0200},
  biburl    = {https://dblp.org/rec/journals/corr/RonnebergerFB15.bib},
  bibsource = {dblp computer science bibliography, https://dblp.org}
}
@article{chen18,
  author    = {Liang{-}Chieh Chen and
               Yukun Zhu and
               George Papandreou and
               Florian Schroff and
               Hartwig Adam},
  title     = {Encoder-Decoder with Atrous Separable Convolution for Semantic Image
               Segmentation},
  journal   = {CoRR},
  volume    = {abs/1802.02611},
  year      = {2018},
  url       = {http://arxiv.org/abs/1802.02611},
  archivePrefix = {arXiv},
  eprint    = {1802.02611},
  timestamp = {Sat, 23 Jan 2021 01:20:31 +0100},
  biburl    = {https://dblp.org/rec/journals/corr/abs-1802-02611.bib},
  bibsource = {dblp computer science bibliography, https://dblp.org}
}

@InProceedings{ma18,
author = {Ma, Ningning and Zhang, Xiangyu and Zheng, Hai-Tao and Sun, Jian},
title = {ShuffleNet V2: Practical Guidelines for Efficient CNN Architecture Design},
booktitle = {Proceedings of the European Conference on Computer Vision (ECCV)},
month = {September},
year = {2018}
}
